@article{kingma2014adam,
  title={Adam: A method for stochastic optimization},
  author={Kingma, Diederik P and Ba, Jimmy},
  journal={arXiv preprint arXiv:1412.6980},
  year={2014}
}

@article{Nes83,
  title={A method of solving a convex programming problem with convergence rate $O\bigl(\frac1{k^2}\bigr)$},
  author={Yu.~E.~Nesterov},
  journal={Dokl. Akad. Nauk SSSR},
  year={1983},
  volume={269},
  issue={3},
  pages={543--547},
  language={Russian}
}

@article{resnet2015,
  author    = {Kaiming He and
               Xiangyu Zhang and
               Shaoqing Ren and
               Jian Sun},
  title     = {Deep Residual Learning for Image Recognition},
  journal   = {CoRR},
  volume    = {abs/1512.03385},
  year      = {2015},
  url       = {http://arxiv.org/abs/1512.03385},
  archivePrefix = {arXiv},
  eprint    = {1512.03385}
}